<record><leader>00000cas a22000007a 4500</leader><controlfield tag="001">47106552</controlfield><controlfield tag="008">010611d19041937sduwr ne      0    0eng d</controlfield><datafield ind1=" " ind2=" " tag="010"><subfield code="a">sn2001063181</subfield></datafield><datafield ind1=" " ind2=" " tag="040"><subfield code="a">SXN</subfield><subfield code="b">eng</subfield><subfield code="c">SXN</subfield><subfield code="d">OCLCQ</subfield><subfield code="d">OCLCF</subfield><subfield code="d">OCLCO</subfield></datafield><datafield ind1="1" ind2=" " tag="029"><subfield code="a">AU@</subfield><subfield code="b">000022766572</subfield></datafield><datafield ind1=" " ind2=" " tag="042"><subfield code="a">msc</subfield></datafield><datafield ind1=" " ind2=" " tag="043"><subfield code="a">n-us-sd</subfield></datafield><datafield ind1="0" ind2="4" tag="245"><subfield code="a">The Winfred dispatch.</subfield></datafield><datafield ind1=" " ind2=" " tag="260"><subfield code="a">Winfred, Lake County, S.D. :</subfield><subfield code="b">F.W. Georgia</subfield></datafield><datafield ind1=" " ind2=" " tag="300"><subfield code="a">v.</subfield></datafield><datafield ind1=" " ind2=" " tag="310"><subfield code="a">Weekly</subfield></datafield><datafield ind1="1" ind2=" " tag="362"><subfield code="a">Began in 1904.</subfield></datafield><datafield ind1="0" ind2=" " tag="362"><subfield code="a">-v. 34, no. 19(July 30, 1937).</subfield></datafield><datafield ind1=" " ind2=" " tag="530"><subfield code="a">Available on microfilm from: State Archives, South Dakota State Historical Society.</subfield></datafield><datafield ind1=" " ind2=" " tag="580"><subfield code="a">Merged with: Madison daily sentinel (Madison, S.D. : Daily), and: Madison daily sentinel (Madison, S.D. : Rural), to form: Madison daily sentinel and Winfred dispatch (Madison, S.D. : Daily), and: Madison daily sentinel and Winfred dispatch (Madison, S.D. : Rural).</subfield></datafield><datafield ind1=" " ind2=" " tag="588"><subfield code="a">Description based on: Vol. 2, no. 8(May 12, 1905).</subfield></datafield><datafield ind1=" " ind2="0" tag="651"><subfield code="a">Madison (S.D.)</subfield><subfield code="v">Newspapers.</subfield></datafield><datafield ind1=" " ind2="0" tag="651"><subfield code="a">Lake County (S.D.)</subfield><subfield code="v">Newspapers.</subfield></datafield><datafield ind1=" " ind2="7" tag="655"><subfield code="a">Newspapers.</subfield><subfield code="2">fast</subfield><subfield code="0">(OCoLC)fst01423814</subfield></datafield><datafield ind1=" " ind2="7" tag="651"><subfield code="a">South Dakota</subfield><subfield code="z">Lake County.</subfield><subfield code="2">fast</subfield><subfield code="0">(OCoLC)fst01215598</subfield></datafield><datafield ind1=" " ind2="7" tag="651"><subfield code="a">South Dakota</subfield><subfield code="z">Madison.</subfield><subfield code="2">fast</subfield><subfield code="0">(OCoLC)fst01228905</subfield></datafield><datafield ind1=" " ind2=" " tag="752"><subfield code="a">United States</subfield><subfield code="b">South Dakota</subfield><subfield code="c">Lake</subfield><subfield code="d">Madison.</subfield></datafield><datafield ind1="1" ind2="7" tag="785"><subfield code="t">Madison daily sentinel (Madison, S.D. : Daily)</subfield><subfield code="w">(DLC)sn 99062032</subfield></datafield><datafield ind1="1" ind2="7" tag="785"><subfield code="t">Madison daily sentinel (Madison, S.D. : Rural)</subfield><subfield code="w">(DLC)sn 99062033</subfield></datafield><datafield ind1="1" ind2="7" tag="785"><subfield code="t">Madison daily sentinel and Winfred dispatch (Madison, S.D. : Daily)</subfield><subfield code="w">(DLC)sn2001063182</subfield></datafield><datafield ind1="1" ind2="7" tag="785"><subfield code="t">Madison daily sentinel and Winfred dispatch (Madison, S.D. : Rural)</subfield><subfield code="w">(DLC)sn2001063183</subfield></datafield></record>